 %% acoustic wu
  @misc{wu_zhao_qiao_liu_zhang_hu_2018, title={Acoustic wave detection of laser shock Peening}, url={http://oejournal.org/article/doi/10.29026/oea.2018.180016},
  journal={Opto-Electronic Advances}, publisher={Opto-Electronic Advances},
  author={Wu, Jiajun and Zhao, Jibin and Qiao, Hongchao and Liu, Xuejun and Zhang, Yinuo and Hu, Taiyou}, 
  year={2018},
  month={Nov}
  
} 

 %% acoustics stfc
  @misc{banerjee_2019, 
  title={Acoustic signature of Laser Shock Peening for a qualitative evaluation of residual stresses}, 
  url={https://link.springer.com/article/10.1007/s00339-019-2869-1}, 
  journal={Applied Physics A}, 
  publisher={Springer Berlin Heidelberg}, 
  author={Banerjee, Saumyabrata and Phillips, P. Jonathan and Nygaard, James and Mason, Paul D. and Ertel, Klaus and De Vido, Mariastefania and Butcher, Thomas and Tomlinson, Steph and Smith, Jodie and Allott, Ric and et al.}, 
  year={2019}, 
  month={Jul}

} 

 %% xarion article
  @misc{fischer_rohringer_panzer_hecker_2017, 
  title={Acoustic process control for laser material processing}, url={https://onlinelibrary.wiley.com/doi/full/10.1002/latj.201700029}, 
  journal={Wiley Online Library}, publisher={John Wiley &amp; Sons, Ltd}, 
  author={Fischer, Balthasar and Rohringer, Wolfgang and Panzer, Nils and Hecker, Sebastian}, year={2017}, 
  month={Nov}
  
} 

%% litron series
@online{litron, 
    title={Litron LPY SERIES High and Ultra-High Energy Q-Switched Nd:YAG Lasers}, 
    url={https://litron.co.uk/wp-content/uploads/2020/11/LPY-Series-November-2020.pdf}, 
    journal={Litron lasers},
    addendum = {Online; accessed 02-04-2021},
} 

%% litron manual
@manual{litronmanual,
    title        = {LPY600 Laser Series Operators handbook version},
    author       = {}, 
    organization = {Litron Lasers},
    address      = {8 Consul Road, Rugby,Warwickshire, CV21 1PB England},
    edition      = 1,
    year         = 2004,
}

 %% fpi
 @online{fpi, 
    title={Fabry-Pérot Interferometer}, 
    url={http://hyperphysics.phy-astr.gsu.edu/hbase/phyopt/fabry.html}, 
    journal={Hyperphysics},
    addendum = {Online; accessed 6-10-2021},
 } 

  %% xarion eta
 @online{xarion_eta, 
    title={Xarion Eta250 Ultra optical microphone}, 
    url={https://xarion.com/en/products/eta250-ultra}, 
    journal={Xarion laser acoustics},
    addendum = {Online; accessed 6-10-2021},
 } 

%% fabbro huge article
  @article{fabbro_peyre_berthe_scherpereel_1998, title={Physics and applications of laser-shock processing}, volume={10}, DOI={10.2351/1.521861}, number={6}, journal={Journal of Laser Applications}, author={Fabbro, R. and Peyre, P. and Berthe, L. and Scherpereel, X.}, year={1998}, pages={265–279}} 

%% ding book
@book{ding_ye_2006, place={Cambridge}, title={Laser shock peening performance and process simulation}, publisher={Woodhead Pub.}, author={Ding, K. and Ye, L.}, year={2006}}

%% fainland stress waves
@article{fairland,
    author  = {B.P. Fairand},
    title   = {Quantitative assessment of laser-induced stress waves generated at confined surfaces},
    year    = {1974},
    journal = {Journal of Applied Physics},
    volume  = {25},
    number  = {8},
    pages   = {431--433},
    issn = {0021-8979},
}